<?xml version="1.0" encoding="UTF-8"?><record xmlns="http://www.loc.gov/MARC21/slim" xmlns:cinclude="http://apache.org/cocoon/include/1.0" xmlns:zs="http://www.loc.gov/zing/srw/">
  <leader>00564cz  a2200145n  4500</leader>
  <controlfield tag="001">n  88074831 </controlfield>
  <controlfield tag="003">DLC</controlfield>
  <controlfield tag="005">19890506063715.4</controlfield>
  <controlfield tag="008">880303n| acannaab|          |a aaa      </controlfield>
  <datafield tag="010" ind1=" " ind2=" ">
    <subfield code="a">n  88074831 </subfield>
  </datafield>
  <datafield tag="040" ind1=" " ind2=" ">
    <subfield code="a">DLC</subfield>
    <subfield code="c">DLC</subfield>
    <subfield code="d">MiU</subfield>
  </datafield>
  <datafield tag="100" ind1="1" ind2="0">
    <subfield code="a">Woortmann, Klaas</subfield>
  </datafield>
  <datafield tag="400" ind1="1" ind2="0">
    <subfield code="a">Woortmann, K.</subfield>
    <subfield code="q">(Klaas)</subfield>
  </datafield>
  <datafield tag="670" ind1=" " ind2=" ">
    <subfield code="a">His A famiĚlia das mulheres, 1987:</subfield>
    <subfield code="b">t.p. (Klaas Woortmann) p. 8 (Faculdade de Filosofia da Universidade Federal da Bahia)</subfield>
  </datafield>
  <datafield tag="670" ind1=" " ind2=" ">
    <subfield code="a">His Com parente naĚo se neguceia, 1988?:</subfield>
    <subfield code="b">t.p. (Klaas Axel A.W. Woortmann) prelim. p. 3 (Klaas Woortmann) p. 108 (K. Woortmann)</subfield>
  </datafield>
</record>